{
  "leader": "02143ngm a2200409 c 4500",
  "fields": [
    {
      "001": "643935371"
    },
    {
      "003": "DE-601"
    },
    {
      "005": "20160520072526.0"
    },
    {
      "007": "vu\\uvuuuu"
    },
    {
      "008": "110113s2010\\\\\\\\\\\\\\\\\\\\\\\\\\\\\\\\\\\\000\\0\\ger\\d"
    },
    {
      "020": {
        "ind1": "\\",
        "ind2": "\\",
        "subfields": [
          {
            "a": "9789279164316"
          },
          {
            "9": "978-92-79-16431-6"
          }
        ]
      }
    },
    {
      "024": {
        "ind1": "7",
        "ind2": "\\",
        "subfields": [
          {
            "a": "10.2768\/21035"
          },
          {
            "2": "doi"
          }
        ]
      }
    },
    {
      "028": {
        "ind1": "5",
        "ind2": "2",
        "subfields": [
          {
            "a": "MI-32-10-386-57-Z"
          }
        ]
      }
    },
    {
      "035": {
        "ind1": "\\",
        "ind2": "\\",
        "subfields": [
          {
            "a": "(DE-599)GBV643935371"
          }
        ]
      }
    },
    {
      "040": {
        "ind1": "\\",
        "ind2": "\\",
        "subfields": [
          {
            "b": "ger"
          },
          {
            "c": "GBVCP"
          }
        ]
      }
    },
    {
      "041": {
        "ind1": "0",
        "ind2": "\\",
        "subfields": [
          {
            "a": "ger"
          },
          {
            "a": "eng"
          },
          {
            "a": "spa"
          },
          {
            "a": "fre"
          },
          {
            "a": "ita"
          },
          {
            "a": "dut"
          },
          {
            "a": "por"
          }
        ]
      }
    },
    {
      "084": {
        "ind1": "\\",
        "ind2": "\\",
        "subfields": [
          {
            "a": "55.80"
          },
          {
            "9": "Verkehrswesen"
          },
          {
            "9": "Transportwesen: Allgemeines"
          },
          {
            "2": "bkl"
          }
        ]
      }
    },
    {
      "245": {
        "ind1": "0",
        "ind2": "2",
        "subfields": [
          {
            "a": "A journey through Europe"
          },
          {
            "h": "Bildtontraeger"
          },
          {
            "b": "high-speed lines"
          },
          {
            "c": "European Commission, Directorate-General for Mobility and Transport"
          }
        ]
      }
    },
    {
      "300": {
        "ind1": "\\",
        "ind2": "\\",
        "subfields": [
          {
            "a": "1 DVD-Video (14 Min.)"
          },
          {
            "b": "farb."
          },
          {
            "c": "12 cm"
          }
        ]
      }
    },
    {
      "610": {
        "ind1": "1",
        "ind2": "7",
        "subfields": [
          {
            "0": "(DE-601)132918269"
          },
          {
            "0": "(DE-588)5098525-5"
          },
          {
            "a": "Europäische Union"
          },
          {
            "2": "gnd"
          }
        ]
      }
    },
    {
      "650": {
        "ind1": "\\",
        "ind2": "7",
        "subfields": [
          {
            "0": "(DE-601)104616431"
          },
          {
            "0": "(DE-588)4113934-3"
          },
          {
            "a": "Hochgeschwindigkeitszug"
          },
          {
            "2": "gnd"
          }
        ]
      }
    },
    {
      "650": {
        "ind1": "\\",
        "ind2": "7",
        "subfields": [
          {
            "0": "(DE-601)106129678"
          },
          {
            "0": "(DE-588)4062953-3"
          },
          {
            "a": "Verkehrsnetz"
          },
          {
            "2": "gnd"
          }
        ]
      }
    },
    {
      "650": {
        "ind1": "\\",
        "ind2": "7",
        "subfields": [
          {
            "8": "1.1\\x"
          },
          {
            "a": "Hochgeschwindigkeitsverkehr"
          },
          {
            "0": "(DE-601)091366011"
          },
          {
            "0": "(DE-STW)18089-3"
          },
          {
            "2": "stw"
          }
        ]
      }
    },
    {
      "650": {
        "ind1": "\\",
        "ind2": "7",
        "subfields": [
          {
            "8": "1.2\\x"
          },
          {
            "a": "Hochgeschwindigkeitsverkehr"
          },
          {
            "0": "(DE-601)091366011"
          },
          {
            "0": "(DE-STW)18089-3"
          },
          {
            "2": "stw"
          }
        ]
      }
    },
    {
      "650": {
        "ind1": "\\",
        "ind2": "7",
        "subfields": [
          {
            "8": "1.3\\x"
          },
          {
            "a": "Schienenverkehr"
          },
          {
            "0": "(DE-601)091388066"
          },
          {
            "0": "(DE-STW)13255-2"
          },
          {
            "2": "stw"
          }
        ]
      }
    },
    {
      "650": {
        "ind1": "\\",
        "ind2": "7",
        "subfields": [
          {
            "8": "1.4\\x"
          },
          {
            "a": "EU-Verkehrspolitik"
          },
          {
            "0": "(DE-601)091358701"
          },
          {
            "0": "(DE-STW)18627-1"
          },
          {
            "2": "stw"
          }
        ]
      }
    },
    {
      "650": {
        "ind1": "\\",
        "ind2": "7",
        "subfields": [
          {
            "8": "1.5\\x"
          },
          {
            "a": "EU-Staaten"
          },
          {
            "0": "(DE-601)091358639"
          },
          {
            "0": "(DE-STW)17983-5"
          },
          {
            "2": "stw"
          }
        ]
      }
    },
    {
      "710": {
        "ind1": "2",
        "ind2": "\\",
        "subfields": [
          {
            "a": "Europäische Kommission"
          },
          {
            "b": "Generaldirektion Mobilität und Verkehr"
          },
          {
            "0": "(DE-601)667202439"
          },
          {
            "0": "(DE-588)16174192-7"
          }
        ]
      }
    },
    {
      "900": {
        "ind1": "\\",
        "ind2": "\\",
        "subfields": [
          {
            "a": "GBV"
          },
          {
            "b": "ZBW Kiel <206>"
          },
          {
            "d": "!K:! DVD 49"
          },
          {
            "x": "L"
          },
          {
            "z": "LC"
          },
          {
            "s": "206"
          }
        ]
      }
    },
    {
      "900": {
        "ind1": "\\",
        "ind2": "\\",
        "subfields": [
          {
            "a": "GBV"
          },
          {
            "b": "THULB Jena <27>"
          },
          {
            "d": "!Mag5! EDZ 0720 17"
          },
          {
            "x": "L"
          },
          {
            "z": "LC"
          },
          {
            "f": "Bestand Europäisches Dokumentationszentrum"
          }
        ]
      }
    },
    {
      "900": {
        "ind1": "\\",
        "ind2": "\\",
        "subfields": [
          {
            "a": "GBV"
          },
          {
            "b": "TIB\/UB Hannover <89>"
          },
          {
            "d": "!FBW MagNB! CD oek 6715\/042"
          },
          {
            "x": "L"
          },
          {
            "z": "C"
          },
          {
            "s": "89\/18"
          },
          {
            "g": "!FBW EU! CD oek 6715\/042"
          },
          {
            "x": "L"
          },
          {
            "z": "C"
          },
          {
            "s": "89\/18"
          }
        ]
      }
    },
    {
      "951": {
        "ind1": "\\",
        "ind2": "\\",
        "subfields": [
          {
            "a": "eu"
          },
          {
            "2": "26"
          }
        ]
      }
    },
    {
      "951": {
        "ind1": "\\",
        "ind2": "\\",
        "subfields": [
          {
            "a": "oek 6715"
          },
          {
            "2": "70"
          }
        ]
      }
    },
    {
      "951": {
        "ind1": "\\",
        "ind2": "\\",
        "subfields": [
          {
            "a": "oek 6715 3ah"
          },
          {
            "2": "70"
          }
        ]
      }
    },
    {
      "954": {
        "ind1": "\\",
        "ind2": "\\",
        "subfields": [
          {
            "0": "ZBW Kiel <206>"
          },
          {
            "a": "26"
          },
          {
            "b": "1231491841"
          },
          {
            "c": "01"
          },
          {
            "f": "K:"
          },
          {
            "d": "DVD 49"
          },
          {
            "e": "u"
          },
          {
            "x": "0206"
          }
        ]
      }
    },
    {
      "954": {
        "ind1": "\\",
        "ind2": "\\",
        "subfields": [
          {
            "0": "THULB Jena <27>"
          },
          {
            "a": "31"
          },
          {
            "b": "1219949035"
          },
          {
            "c": "01"
          },
          {
            "f": "Mag5"
          },
          {
            "d": "EDZ 0720 17"
          },
          {
            "e": "d"
          },
          {
            "k": "Bestand Europäisches Dokumentationszentrum"
          },
          {
            "x": "0027"
          }
        ]
      }
    },
    {
      "954": {
        "ind1": "\\",
        "ind2": "\\",
        "subfields": [
          {
            "0": "TIB\/UB Hannover <89>"
          },
          {
            "a": "70"
          },
          {
            "b": "1219604739"
          },
          {
            "c": "70"
          },
          {
            "f": "FBW MagNB"
          },
          {
            "d": "CD oek 6715\/042"
          },
          {
            "e": "s"
          },
          {
            "f": "FBW EU"
          },
          {
            "d": "CD oek 6715\/042"
          },
          {
            "e": "s"
          },
          {
            "x": "89\/18"
          }
        ]
      }
    }
  ]
}
